%% This BibTeX bibliography file was created using BibDesk.
%% https://bibdesk.sourceforge.io/

%% Created for Marguerite Butler at 2023-03-30 00:51:06 -1000 


%% Saved with string encoding Unicode (UTF-8) 



@book{Claude:2008,
	address = {New York, NY},
	author = {Claude, Julien},
	date-added = {2023-03-30 00:51:03 -1000},
	date-modified = {2023-03-30 00:51:03 -1000},
	edition = {1. Aufl.},
	id = {cdi{\_}proquest{\_}ebookcentral{\_}EBC417711},
	isbn = {9780387777894},
	keywords = {Life sciences},
	n2 = {Using R for morphometrics can overcome problems in familiarizing oneself with various software languages, converting data and results every time another software is required, and adapting and converting the results to go further. With a single environment, shape analysis can be performed from data acquisition to data analysis, and the results can be presented in the form of graphs, both accurate and esthetic.},
	publisher = {Springer-Verlag},
	title = {Morphometrics with R},
	year = {2008}}

@manual{R-base,
	address = {Vienna, Austria},
	author = {{R Core Team}},
	organization = {R Foundation for Statistical Computing},
	title = {R: A Language and Environment for Statistical Computing},
	url = {https://www.R-project.org/},
	year = {2022},
	bdsk-url-1 = {https://www.R-project.org/}}

@manual{R-rmarkdown,
	author = {JJ Allaire and Yihui Xie and Jonathan McPherson and Javier Luraschi and Kevin Ushey and Aron Atkins and Hadley Wickham and Joe Cheng and Winston Chang and Richard Iannone},
	note = {R package version 2.19},
	title = {rmarkdown: Dynamic Documents for R},
	url = {https://CRAN.R-project.org/package=rmarkdown},
	year = {2022},
	bdsk-url-1 = {https://CRAN.R-project.org/package=rmarkdown}}

@book{rmarkdown2018,
	address = {Boca Raton, Florida},
	author = {Yihui Xie and J.J. Allaire and Garrett Grolemund},
	note = {ISBN 9781138359338},
	publisher = {Chapman and Hall/CRC},
	title = {R Markdown: The Definitive Guide},
	url = {https://bookdown.org/yihui/rmarkdown},
	year = {2018},
	bdsk-url-1 = {https://bookdown.org/yihui/rmarkdown}}

@book{rmarkdown2020,
	address = {Boca Raton, Florida},
	author = {Yihui Xie and Christophe Dervieux and Emily Riederer},
	note = {ISBN 9780367563837},
	publisher = {Chapman and Hall/CRC},
	title = {R Markdown Cookbook},
	url = {https://bookdown.org/yihui/rmarkdown-cookbook},
	year = {2020},
	bdsk-url-1 = {https://bookdown.org/yihui/rmarkdown-cookbook}}
